<?xml version="1.0"?>
<marc:records xmlns:marc="http://www.loc.gov/MARC21/slim" xmlns:xsi="http://www.w3.org/2001/XMLSchema-instance" xsi:schemaLocation="http://www.loc.gov/MARC21/slim http://www.loc.gov/standards/marcxml/schema/MARC21slim.xsd">
  <marc:record>
    <marc:leader>05911nam a2200697Ia 4500</marc:leader>
    <marc:controlfield tag="001">9977565350103681</marc:controlfield>
    <marc:controlfield tag="005">20191021083053.0</marc:controlfield>
    <marc:controlfield tag="006">m     o  c        </marc:controlfield>
    <marc:controlfield tag="007">cr#cn|024aaaba</marc:controlfield>
    <marc:controlfield tag="008">190805s1782    mr            000 0 ara d</marc:controlfield>
    <marc:datafield ind1=" " ind2=" " tag="035">
  <marc:subfield code="a">(OCoLC)1111578490</marc:subfield>
</marc:datafield>
    <marc:datafield ind1=" " ind2=" " tag="035">
  <marc:subfield code="a">(OCoLC)on1111578490</marc:subfield>
</marc:datafield>
    <marc:datafield ind1=" " ind2=" " tag="040">
  <marc:subfield code="a">PAU</marc:subfield>
  <marc:subfield code="b">eng</marc:subfield>
  <marc:subfield code="c">PAU</marc:subfield>
  <marc:subfield code="e">amremm</marc:subfield>
</marc:datafield>
    <marc:datafield ind1=" " ind2="9" tag="099">
  <marc:subfield code="a">Penn Museum 29-201-709</marc:subfield>
</marc:datafield>
    <marc:datafield ind1="1" ind2=" " tag="100">
  <marc:subfield code="6">880-01</marc:subfield>
  <marc:subfield code="a">Azhari&#x304;, Kha&#x304;lid ibn &#x2BB;Abd Alla&#x304;h,</marc:subfield>
  <marc:subfield code="d">-1499.</marc:subfield>
</marc:datafield>
    <marc:datafield ind1="1" ind2="0" tag="245">
  <marc:subfield code="6">880-02</marc:subfield>
  <marc:subfield code="a">[Sharh&#x323; Qas&#x323;i&#x304;dat al-Burdah]</marc:subfield>
  <marc:subfield code="h">[electronic resource].</marc:subfield>
</marc:datafield>
    <marc:datafield ind1=" " ind2=" " tag="260">
  <marc:subfield code="a">[Morocco?],</marc:subfield>
  <marc:subfield code="c">A.H. 1196 (1782)</marc:subfield>
</marc:datafield>
    <marc:datafield ind1=" " ind2=" " tag="300">
  <marc:subfield code="a">1 online resource (74 paginated leaves, 2 flyleaves).</marc:subfield>
</marc:datafield>
    <marc:datafield ind1=" " ind2=" " tag="500">
  <marc:subfield code="a">Titles supplied by cataloger.</marc:subfield>
</marc:datafield>
    <marc:datafield ind1=" " ind2=" " tag="500">
  <marc:subfield code="a">Modern pagination added in pencil, upper left recto; catchwords every verso, lower left.</marc:subfield>
</marc:datafield>
    <marc:datafield ind1=" " ind2=" " tag="500">
  <marc:subfield code="a">Layout: Written in 23-26 long lines with poetry in two staggered lines; ruled with a mist&#x323;arah.</marc:subfield>
</marc:datafield>
    <marc:datafield ind1=" " ind2=" " tag="500">
  <marc:subfield code="a">Script: Written in maghribi&#x304; in dark brown ink; pointed and vocalized.</marc:subfield>
</marc:datafield>
    <marc:datafield ind1=" " ind2=" " tag="500">
  <marc:subfield code="a">Decoration: Rubrications in red and heavier black.</marc:subfield>
</marc:datafield>
    <marc:datafield ind1=" " ind2=" " tag="500">
  <marc:subfield code="a">Binding: Bound in red leather with flap (Type II); blind-tooled frame with foliate blind-stamped outer frame and a centrally placed diamond made up of five small flower stamps and eight smaller circle with radiant lines stamps; the same small flower stamps appear in the corners of the inner frame and on the flap.</marc:subfield>
</marc:datafield>
    <marc:datafield ind1=" " ind2=" " tag="500">
  <marc:subfield code="a">Origin: Copy of the main text completed on 4 Jumada&#x301; al-U&#x304;la&#x301; 1196 AH (5 February 1782) (p.; third work copied by [?] ibn Fa&#x304;tih&#x323;, the name has been crossed out by a later reader (p. 149).</marc:subfield>
</marc:datafield>
    <marc:datafield ind1=" " ind2=" " tag="500">
  <marc:subfield code="a">Dimensions of original manuscript: 205 x 150 (140 x 100) mm bound to 205 x 153 mm.</marc:subfield>
</marc:datafield>
    <marc:datafield ind1=" " ind2=" " tag="500">
  <marc:subfield code="a">Watermarked European paper.</marc:subfield>
</marc:datafield>
    <marc:datafield ind1="0" ind2=" " tag="505">
  <marc:subfield code="a">1. p. 1-91: [Sharh&#x323; Qas&#x323;i&#x304;dat al-Burdah] / Kha&#x304;lid ibn &#x2BB;Abd Alla&#x304;h al-Azhari&#x304; -- 2. f. 93-129: [Ma&#x2BB;a&#x304;ni&#x304; al-daqi&#x304;qah fi&#x304; idra&#x304;k al-h&#x323;aqi&#x304;qah] / &#x2BB;Abd al-Rah&#x323;ma&#x304;n ibn Abi&#x304; Bakr al-Suyu&#x304;t&#x323;i&#x304; -- 3. p. 130-149: [Selections of poetry and excerpts from H&#x323;adi&#x304;th]</marc:subfield>
</marc:datafield>
    <marc:datafield ind1=" " ind2=" " tag="520">
  <marc:subfield code="a">Manuscript containing three texts, copied in three different hands. The first work is a commentary on the poem known as al-Burdah by al-Bu&#x304;s&#x323;i&#x304;ri&#x304;, the second is a response by al-Suyu&#x304;t&#x323;i&#x304; to questions about the H&#x323;adi&#x304;th and the third is a set of poems and H&#x323;adi&#x304;th excerpts.</marc:subfield>
</marc:datafield>
    <marc:datafield ind1=" " ind2=" " tag="524">
  <marc:subfield code="a">University of Pennsylvania Museum of Archaeology and Anthropology 29-201-709</marc:subfield>
</marc:datafield>
    <marc:datafield ind1=" " ind2=" " tag="533">
  <marc:subfield code="a">Electronic reproduction.</marc:subfield>
  <marc:subfield code="b">Philadelphia, Pa. :</marc:subfield>
  <marc:subfield code="c">University of Pennsylvania Libraries,</marc:subfield>
  <marc:subfield code="d">2019.</marc:subfield>
</marc:datafield>
    <marc:datafield ind1=" " ind2=" " tag="534">
  <marc:subfield code="p">Original:</marc:subfield>
  <marc:subfield code="t">[Sharh&#x323; Qas&#x323;i&#x304;dat al-Burdah] (29-201-709),</marc:subfield>
  <marc:subfield code="l">University of Pennsylvania Museum of Archaeology and Anthropology.</marc:subfield>
</marc:datafield>
    <marc:datafield ind1=" " ind2=" " tag="538">
  <marc:subfield code="a">Mode of access: World Wide Web.</marc:subfield>
</marc:datafield>
    <marc:datafield ind1="1" ind2=" " tag="541">
  <marc:subfield code="a">Acquired during the Expedition in Morocco by Talcott Williams and Sophia Wells Royce Williams, 1898.</marc:subfield>
</marc:datafield>
    <marc:datafield ind1=" " ind2=" " tag="546">
  <marc:subfield code="a">Arabic.</marc:subfield>
</marc:datafield>
    <marc:datafield ind1="1" ind2="0" tag="600">
  <marc:subfield code="6">880-03</marc:subfield>
  <marc:subfield code="a">Bu&#x304;s&#x323;i&#x304;ri&#x304;, Sharaf al-Di&#x304;n Muh&#x323;ammad ibn Sa&#x2BB;i&#x304;d,</marc:subfield>
  <marc:subfield code="d">1213?-1296?</marc:subfield>
  <marc:subfield code="t">Burdah.</marc:subfield>
</marc:datafield>
    <marc:datafield ind1="0" ind2="0" tag="600">
  <marc:subfield code="a">Muh&#x323;ammad,</marc:subfield>
  <marc:subfield code="c">Prophet,</marc:subfield>
  <marc:subfield code="d">-632</marc:subfield>
  <marc:subfield code="v">Poetry.</marc:subfield>
</marc:datafield>
    <marc:datafield ind1=" " ind2="0" tag="650">
  <marc:subfield code="a">Hadith</marc:subfield>
  <marc:subfield code="v">Texts</marc:subfield>
  <marc:subfield code="v">Early works to 1800.</marc:subfield>
</marc:datafield>
    <marc:datafield ind1=" " ind2="0" tag="650">
  <marc:subfield code="a">Hadith</marc:subfield>
  <marc:subfield code="x">Criticism, interpretation, etc.</marc:subfield>
  <marc:subfield code="v">Early works to 1800.</marc:subfield>
</marc:datafield>
    <marc:datafield ind1=" " ind2="0" tag="650">
  <marc:subfield code="a">Islam</marc:subfield>
  <marc:subfield code="x">Customs and practices</marc:subfield>
  <marc:subfield code="v">Early works to 1800.</marc:subfield>
</marc:datafield>
    <marc:datafield ind1=" " ind2="7" tag="655">
  <marc:subfield code="a">Fascimiles.</marc:subfield>
  <marc:subfield code="2">aat</marc:subfield>
</marc:datafield>
    <marc:datafield ind1=" " ind2="7" tag="655">
  <marc:subfield code="a">Commentaries.</marc:subfield>
  <marc:subfield code="2">aat</marc:subfield>
</marc:datafield>
    <marc:datafield ind1=" " ind2="7" tag="655">
  <marc:subfield code="a">Compilation manuscripts.</marc:subfield>
  <marc:subfield code="2">aat</marc:subfield>
</marc:datafield>
    <marc:datafield ind1=" " ind2="7" tag="655">
  <marc:subfield code="a">Islamic bindings (Binding)</marc:subfield>
  <marc:subfield code="2">rbbin</marc:subfield>
</marc:datafield>
    <marc:datafield ind1=" " ind2="7" tag="655">
  <marc:subfield code="a">Full covers.</marc:subfield>
  <marc:subfield code="2">lobt</marc:subfield>
</marc:datafield>
    <marc:datafield ind1=" " ind2="7" tag="655">
  <marc:subfield code="a">Envelope flaps (features)</marc:subfield>
  <marc:subfield code="2">lobt</marc:subfield>
</marc:datafield>
    <marc:datafield ind1=" " ind2="0" tag="655">
  <marc:subfield code="a">Manuscripts, Arabic.</marc:subfield>
</marc:datafield>
    <marc:datafield ind1=" " ind2="0" tag="655">
  <marc:subfield code="a">Manuscripts, 18th century.</marc:subfield>
</marc:datafield>
    <marc:datafield ind1="1" ind2="2" tag="700">
  <marc:subfield code="6">880-04</marc:subfield>
  <marc:subfield code="a">Bu&#x304;s&#x323;i&#x304;ri&#x304;, Sharaf al-Di&#x304;n Muh&#x323;ammad ibn Sa&#x2BB;i&#x304;d,</marc:subfield>
  <marc:subfield code="d">1213?-1296?</marc:subfield>
  <marc:subfield code="t">Burdah.</marc:subfield>
  <marc:subfield code="k">Selections.</marc:subfield>
</marc:datafield>
    <marc:datafield ind1="0" ind2="2" tag="700">
  <marc:subfield code="6">880-05</marc:subfield>
  <marc:subfield code="a">Suyu&#x304;t&#x323;i&#x304;,</marc:subfield>
  <marc:subfield code="d">1445-1505.</marc:subfield>
  <marc:subfield code="t">Ma&#x2BB;a&#x304;ni&#x304; al-daqi&#x304;qah fi&#x304; idra&#x304;k al-h&#x323;aqi&#x304;qah.</marc:subfield>
</marc:datafield>
    <marc:datafield ind1="1" ind2=" " tag="700">
  <marc:subfield code="a">Williams, Talcott,</marc:subfield>
  <marc:subfield code="d">1849-1928,</marc:subfield>
  <marc:subfield code="e">former owner.</marc:subfield>
</marc:datafield>
    <marc:datafield ind1=" " ind2=" " tag="852">
  <marc:subfield code="b">University of Pennsylvania Museum of Archaeology and Anthropology</marc:subfield>
  <marc:subfield code="a">University of Pennsylvania</marc:subfield>
  <marc:subfield code="j">Penn Museum 29-201-709</marc:subfield>
</marc:datafield>
    <marc:datafield ind1="4" ind2="1" tag="856">
  <marc:subfield code="z">Digital facsimile in OPenn</marc:subfield>
  <marc:subfield code="u">http://openn.library.upenn.edu/Data/0016/html/29_201_709.html</marc:subfield>
</marc:datafield>
    <marc:datafield ind1="1" ind2=" " tag="880">
  <marc:subfield code="6">100-01//r</marc:subfield>
  <marc:subfield code="a">&#x627;&#x632;&#x647;&#x631;&#x64A;&#x60C; &#x62E;&#x627;&#x644;&#x62F; &#x628;&#x646; &#x639;&#x628;&#x62F; &#x627;&#x644;&#x644;&#x647;&#x60C;</marc:subfield>
  <marc:subfield code="d">-1499</marc:subfield>
</marc:datafield>
    <marc:datafield ind1="1" ind2="0" tag="880">
  <marc:subfield code="6">245-02//r</marc:subfield>
  <marc:subfield code="a">[&#x634;&#x631;&#x62D; &#x642;&#x635;&#x64A;&#x62F;&#x629; &#x627;&#x644;&#x628;&#x631;&#x62F;&#x629;]</marc:subfield>
  <marc:subfield code="h">[electronic resource].</marc:subfield>
</marc:datafield>
    <marc:datafield ind1="1" ind2="4" tag="880">
  <marc:subfield code="6">600-03//r</marc:subfield>
  <marc:subfield code="a">&#x628;&#x648;&#x635;&#x64A;&#x631;&#x64A;&#x60C; &#x634;&#x631;&#x641; &#x627;&#x644;&#x62F;&#x64A;&#x646; &#x645;&#x62D;&#x645;&#x62F; &#x628;&#x646; &#x633;&#x639;&#x64A;&#x62F;&#x60C;</marc:subfield>
  <marc:subfield code="d">1213&#x61F;-1296&#x61F;</marc:subfield>
  <marc:subfield code="t">&#x628;&#x631;&#x62F;&#x629;</marc:subfield>
</marc:datafield>
    <marc:datafield ind1="1" ind2="2" tag="880">
  <marc:subfield code="6">700-04//r</marc:subfield>
  <marc:subfield code="a">&#x628;&#x648;&#x635;&#x64A;&#x631;&#x64A;&#x60C; &#x634;&#x631;&#x641; &#x627;&#x644;&#x62F;&#x64A;&#x646; &#x645;&#x62D;&#x645;&#x62F; &#x628;&#x646; &#x633;&#x639;&#x64A;&#x62F;&#x60C;</marc:subfield>
  <marc:subfield code="d">1213&#x61F;-1296&#x61F;</marc:subfield>
  <marc:subfield code="t">&#x628;&#x631;&#x62F;&#x629;.</marc:subfield>
  <marc:subfield code="k">Selections.</marc:subfield>
</marc:datafield>
    <marc:datafield ind1="0" ind2="2" tag="880">
  <marc:subfield code="6">700-05//r</marc:subfield>
  <marc:subfield code="a">&#x633;&#x64A;&#x648;&#x637;&#x64A;&#x60C;</marc:subfield>
  <marc:subfield code="d">1445-1505.</marc:subfield>
  <marc:subfield code="t">&#x645;&#x639;&#x627;&#x646;&#x64A; &#x627;&#x644;&#x62F;&#x642;&#x64A;&#x642;&#x629; &#x641;&#x64A; &#x627;&#x62F;&#x631;&#x627;&#x643; &#x627;&#x644;&#x62D;&#x642;&#x64A;&#x642;&#x629;.</marc:subfield>
</marc:datafield>
    <marc:datafield ind1=" " ind2=" " tag="948">
  <marc:subfield code="h">HELD BY PAU - 0 OTHER HOLDINGS</marc:subfield>
</marc:datafield>
    <marc:datafield ind1=" " ind2=" " tag="994">
  <marc:subfield code="a">Z0</marc:subfield>
  <marc:subfield code="b">PAU</marc:subfield>
</marc:datafield>
    <marc:datafield ind1=" " ind2=" " tag="996">
  <marc:subfield code="a">hinge-right</marc:subfield>
</marc:datafield>
    <marc:holdings>
      <marc:holding>
        <marc:holding_id>22596258270003681</marc:holding_id>
        <marc:call_number>Penn Museum 29-201-709</marc:call_number>
        <marc:library>KislakCntr</marc:library>
        <marc:location>scmsw</marc:location>
      </marc:holding>
    </marc:holdings>
  </marc:record>
</marc:records>
